@article{Babuska1996,
  title   = {An {{Overview}} of {{Fuzzy Modeling}} for {{Control}}},
  author  = {Babu{\v s}ka, R. and Verbruggen, H.B.},
  year    = {1996},
  month   = nov,
  journal = {Control Engineering Practice},
  volume  = {4},
  number  = {11},
  pages   = {1593--1606},
  issn    = {09670661},
  doi     = {10.1016/0967-0661(96)00175-X},
  urldate = {2023-12-15},
  langid  = {english}
}

@inproceedings{Bitton2020,
  title     = {Neural {{Granular Sound Synthesis}}},
  booktitle = {International {{Computer Music Conference}}},
  author    = {Bitton, Adrien and Esling, Philippe and Harada, Tatsuya},
  year      = {2020},
  month     = jul,
  address   = {{Santiago, Chile}},
  urldate   = {2024-01-03}
}

@inproceedings{Cadiz2018,
  title      = {Fuzzy {{Logic Control Toolkit}} 2.0: {{Composing}} and {{Synthesis}} by {{Fuzzyfication}}},
  shorttitle = {Fuzzy {{Logic Control Toolkit}} 2.0},
  booktitle  = {Proceedings of the 2018 {{Conference}} on {{New Interfaces}} for {{Musical Expression}} ({{NIME}} 2018)},
  author     = {C{\'a}diz, Rodrigo F. and Inostroza, Marie Carmen Gonz{\'a}lez},
  year       = {2018},
  volume     = {18},
  pages      = {398--402},
  address    = {{Blacksburg, VA}},
  urldate    = {2023-12-15}
}

@article{Cadiz2020,
  title   = {Creating {{Music With Fuzzy Logic}}},
  author  = {C{\'a}diz, Rodrigo F.},
  year    = {2020},
  month   = oct,
  journal = {Frontiers in Artificial Intelligence},
  volume  = {3},
  issn    = {2624-8212},
  doi     = {10.3389/frai.2020.00059},
  urldate = {2023-12-15},
  pmcid   = {PMC7861252},
  pmid    = {33733176}
}

@article{dePoli1983,
  title      = {A {{Tutorial}} on {{Digital Sound Synthesis Techniques}}},
  author     = {{de Poli}, Giovanni},
  year       = {1983},
  journal    = {Computer Music Journal},
  volume     = {7},
  number     = {4},
  eprint     = {3679529},
  eprinttype = {jstor},
  pages      = {8--26},
  publisher  = {{The MIT Press}},
  issn       = {0148-9267},
  doi        = {10.2307/3679529},
  urldate    = {2023-12-15}
}

@book{Doyle1990,
  title      = {Feedback {{Control Theory}}},
  author     = {Doyle, John C. and Francis, Bruce A. and Tannenbaum, Allen},
  year       = {1990},
  publisher  = {{Macmillan Publishing Co.}},
  address    = {{New York, NY}},
  lccn       = {TJ216 .D69 2009},
  annotation = {OCLC: ocn227924021}
}

@article{Dubois1984,
  title     = {Fuzzy {{Logics}} and the {{Generalized Modus Ponens Revisited}}},
  author    = {Dubois, Didier and Prade, Henri},
  year      = {1984},
  month     = jan,
  journal   = {Cybernetics and Systems},
  volume    = {15},
  number    = {3-4},
  pages     = {293--331},
  publisher = {{Taylor \& Francis}},
  issn      = {0196-9722},
  doi       = {10.1080/01969728408927749},
  urldate   = {2023-12-23}
}

@inproceedings{Fiebrink2009,
  title     = {{Play-Along Mapping of Musical Controllers}},
  booktitle = {{Proceedings of the 2009 International Computer Music Conference, ICMC 2009}},
  author    = {Fiebrink, Rebecca and Cook, Perry R. and Trueman, Dan},
  year      = {2009},
  pages     = {61--64},
  publisher = {{International Computer Music Association}},
  urldate   = {2024-01-03},
  langid    = {English (US)}
}

@article{Gabor1946,
  title      = {Theory of {{Communication}}},
  shorttitle = {Theory of {{Communication}}},
  author     = {Gabor, D.},
  year       = {1946},
  month      = nov,
  journal    = {Journal of the Institution of Electrical Engineers -- Part III: Radio and Communication Engineering},
  volume     = {93},
  number     = {26},
  pages      = {429--457},
  publisher  = {{IET Digital Library}},
  issn       = {2054-0604},
  doi        = {10.1049/ji-3-2.1946.0074},
  urldate    = {2023-12-23},
  langid     = {english}
}

@inproceedings{Gilpin2018,
  title      = {Explaining {{Explanations}}: {{An Overview}} of {{Interpretability}} of {{Machine Learning}}},
  shorttitle = {Explaining {{Explanations}}},
  booktitle  = {2018 {{IEEE}} 5th {{International Conference}} on {{Data Science}} and {{Advanced Analytics}} ({{DSAA}})},
  author     = {Gilpin, Leilani H. and Bau, David and Yuan, Ben Z. and Bajwa, Ayesha and Specter, Michael and Kagal, Lalana},
  year       = {2018},
  month      = oct,
  pages      = {80--89},
  doi        = {10.1109/DSAA.2018.00018},
  urldate    = {2023-12-15}
}

@article{Jonason2020,
  title  = {The {{Control-Synthesis Approach}} for {{Making Expressive}} and {{Controllable Neural Music Synthesizers}}},
  author = {Jonason, Nicolas and Sturm, Bob L. T. and Thome, Carl},
  year   = {2020},
  langid = {english}
}

@book{Klir1995,
  title      = {Fuzzy {{Sets}} and {{Fuzzy Logic}}: {{Theory}} and {{Applications}}},
  shorttitle = {Fuzzy {{Sets}} and {{Fuzzy Logic}}},
  author     = {Klir, George J. and Yuan, Bo},
  year       = {1995},
  publisher  = {{Prentice Hall}},
  address    = {{Upper Saddle River, NJ}},
  isbn       = {978-0-13-101171-7},
  langid     = {english},
  lccn       = {QA248 .K487 1995}
}

@article{Laviolette1995,
  title      = {A {{Probabilistic}} and {{Statistical View}} of {{Fuzzy Methods}}},
  author     = {Laviolette, Michael and Seaman, John W. and Barrett, J. Douglas and Woodall, William H.},
  year       = {1995},
  month      = aug,
  journal    = {Technometrics},
  volume     = {37},
  number     = {3},
  eprint     = {1269905},
  eprinttype = {jstor},
  pages      = {249--261},
  publisher  = {{[Taylor \& Francis, Ltd., American Statistical Association, American Society for Quality]}},
  issn       = {0040-1706},
  doi        = {10.2307/1269905},
  urldate    = {2023-12-15}
}

@article{Leekwijck1999,
  title      = {Defuzzification: {{Criteria}} and {{Classification}}},
  shorttitle = {Defuzzification},
  author     = {Leekwijck, Werner Van and Kerre, Etienne E.},
  year       = {1999},
  month      = dec,
  journal    = {Fuzzy Sets and Systems},
  volume     = {108},
  number     = {2},
  pages      = {159--178},
  issn       = {0165-0114},
  doi        = {10.1016/S0165-0114(97)00337-0},
  urldate    = {2024-01-01}
}

@article{Mamdani1975,
  title   = {An {{Experiment}} in {{Linguistic Synthesis}} with a {{Fuzzy Logic Controller}}},
  author  = {Mamdani, E. H. and Assilian, S.},
  year    = {1975},
  month   = jan,
  journal = {International Journal of Man-Machine Studies},
  volume  = {7},
  number  = {1},
  pages   = {1--13},
  issn    = {0020-7373},
  doi     = {10.1016/S0020-7373(75)80002-2},
  urldate = {2023-12-23}
}

@book{Manzo2011,
  title      = {Max/{{MSP}}/{{Jitter}} for {{Music}}: {{A Practical Guide}} to {{Developing Interactive Music Systems}} for {{Education}} and {{More}}},
  shorttitle = {Max/{{MSP}}/{{Jitter}} for {{Music}}},
  author     = {Manzo, V. J.},
  year       = {2011},
  month      = dec,
  publisher  = {{Oxford University Press}},
  address    = {{New York, NY}},
  doi        = {10.1093/oso/9780199777679.001.0001},
  urldate    = {2023-12-23},
  isbn       = {978-0-19-756313-7},
  langid     = {english}
}

@misc{mylarmelodies2023,
  title        = {A synth design masterclass by {{SOMA SYNTHS Vlad Kreimer}}.},
  author       = {{mylarmelodies}},
  year         = {2023},
  month        = dec,
  url          = {https://www.youtube.com/watch?v=WxdzM86Urhg},
  urldate      = {2023-12-23},
  collaborator = {Kreimer, Vlad}
}

@article{Nguyen2017,
  title   = {{{LMI-Based Stability Analysis}} for {{Piecewise Multi-Affine Systems}}},
  author  = {Nguyen, Anh-Tu and Sugeno, Michio and Campos, Victor and Dambrine, Michel},
  year    = {2017},
  month   = jun,
  journal = {IEEE Transactions on Fuzzy Systems},
  volume  = {25},
  number  = {3},
  pages   = {707--714},
  issn    = {1063-6706, 1941-0034},
  doi     = {10.1109/TFUZZ.2016.2566798},
  urldate = {2023-12-23},
  langid  = {english}
}

@article{Nguyen2019,
  title      = {Fuzzy {{Control Systems}}: {{Past}}, {{Present}} and {{Future}}},
  shorttitle = {Fuzzy {{Control Systems}}},
  author     = {Nguyen, Anh-Tu and Taniguchi, Tadanari and Eciolaza, Luka and Campos, Victor and Palhares, Reinaldo and Sugeno, Michio},
  year       = {2019},
  month      = feb,
  journal    = {IEEE Computational Intelligence Magazine},
  volume     = {14},
  number     = {1},
  pages      = {56--68},
  issn       = {1556-603X, 1556-6048},
  doi        = {10.1109/MCI.2018.2881644},
  urldate    = {2023-12-23},
  langid     = {english}
}

@article{Roads1988,
  title      = {Introduction to {{Granular Synthesis}}},
  author     = {Roads, Curtis},
  year       = {1988},
  journal    = {Computer Music Journal},
  volume     = {12},
  number     = {2},
  eprint     = {3679937},
  eprinttype = {jstor},
  pages      = {11--13},
  publisher  = {{The MIT Press}},
  issn       = {0148-9267},
  doi        = {10.2307/3679937},
  urldate    = {2023-12-15}
}

@article{Sugeno1985,
  title   = {An {{Introductory Survey}} of {{Fuzzy Control}}},
  author  = {Sugeno, Michio},
  year    = {1985},
  month   = jul,
  journal = {Information Sciences},
  volume  = {36},
  number  = {1},
  pages   = {59--83},
  issn    = {0020-0255},
  doi     = {10.1016/0020-0255(85)90026-X},
  urldate = {2023-12-23}
}

@article{Takagi1985,
  title   = {Fuzzy {{Identification}} of {{Systems}} and {{Its Applications}} to {{Modeling}} and {{Control}}},
  author  = {Takagi, Tomohiro and Sugeno, Michio},
  year    = {1985},
  month   = jan,
  journal = {IEEE Transactions on Systems, Man, and Cybernetics},
  volume  = {SMC-15},
  number  = {1},
  pages   = {116--132},
  issn    = {2168-2909},
  doi     = {10.1109/TSMC.1985.6313399},
  urldate = {2023-12-15}
}

@article{Zadeh1965,
  title   = {Fuzzy {{Sets}}},
  author  = {Zadeh, L. A.},
  year    = {1965},
  month   = jun,
  journal = {Information and Control},
  volume  = {8},
  number  = {3},
  pages   = {338--353},
  issn    = {0019-9958},
  doi     = {10.1016/S0019-9958(65)90241-X},
  urldate = {2023-12-23}
}

@article{Zadeh1975,
  title   = {The {{Concept}} of a {{Linguistic Variable}} and its {{Application}} to {{Approximate Reasoning}} -- {{I}}},
  author  = {Zadeh, L. A.},
  year    = {1975},
  month   = jan,
  journal = {Information Sciences},
  volume  = {8},
  number  = {3},
  pages   = {199--249},
  issn    = {0020-0255},
  doi     = {10.1016/0020-0255(75)90036-5},
  urldate = {2023-12-23}
}
